\newpage
\bibliography{Bibliography} 
\bibliographystyle{unsrtnat}
\begin{enumerate}	
\bibitem{}Wei-Cheng Huang, Meng-Hsiu Chiang Chun-Wei Tsai, "A HyperHeuristic Scheduling Algorithm," IEEE TRANSACTIONS ON CLOUD COMPUTING, vol. 2, pp. 236-250, April-June 2014. C. W. Tsai and J. Rodrigues, “Metaheuristic scheduling for cloud: A survey,” IEEE Syst. J., vol. 8, no. 1, pp. 279–297, Mar. 2014.

\bibitem{}S. Kirkpatrick, C. D. Gelatt, and M. P. Vecchi, “Optimization by simulated annealing,” Science, vol. 220, no. 4598, pp. 671–680, 1983. 

\bibitem{}R. N. Calheiros, R. Ranjan, A. Beloglazov, C. A. De Rose, and R. Buyya, “CloudSim: A toolkit for modeling and simulation of cloud computing environments and evaluation of resource provisioning algorithms,” Softw.: Practice Experience, vol. 41, no. 1, pp. 23–50, 2011.

\bibitem{}A. Bala and I. Chana, “A survey of various workflow scheduling algorithms in cloud environment,” in Proc. Nat. Conf. Inf. Commun. Technol., 2011, pp. 26–30.

\end{enumerate}	
		

	

		